
@misc{rmse,
	author = {},
	title = {\url{https://en.wikipedia.org/wiki/Root-mean-square_deviation}}
	note = {},
	year = 
}

@misc{kaggle,
	author = {},
	title = {\url{https://www.kaggle.com/c/house-prices-advanced-regression-techniques}}
	note = {},
	year = 
}

@misc{lr,
	author = {},
	title = {\url{https://en.wikipedia.org/wiki/Linear_regression}}
	note = {},
	year = 
}

@misc{xgboost,
	author = {},
	title = {\url{https://xgboost.readthedocs.io/en/latest/}}
	note = {},
	year = 
}

@misc{redfin,
	author = {},
	title = {\url{https://www.redfin.com/}}
	note = {},
	year = 
}

@inproceedings{salvador2016faster,
	title={Faster R-CNN features for instance search},
	author={Salvador, Amaia and Gir{\'o}-i-Nieto, Xavier and Marqu{\'e}s, Ferran and Satoh, Shin'ichi},
	booktitle={Computer Vision and Pattern Recognition Workshops (CVPRW), 2016 IEEE Conference on},
	pages={394--401},
	year={2016},
	organization={IEEE}
}

@inproceedings{he2016deep,
	title={Deep residual learning for image recognition},
	author={He, Kaiming and Zhang, Xiangyu and Ren, Shaoqing and Sun, Jian},
	booktitle={Proceedings of the IEEE conference on computer vision and pattern recognition},
	pages={770--778},
	year={2016}
}

@article{simonyan2014very,
	title={Very deep convolutional networks for large-scale image recognition},
	author={Simonyan, Karen and Zisserman, Andrew},
	journal={arXiv preprint arXiv:1409.1556},
	year={2014}
}

@inproceedings{szegedy2016rethinking,
	title={Rethinking the inception architecture for computer vision},
	author={Szegedy, Christian and Vanhoucke, Vincent and Ioffe, Sergey and Shlens, Jon and Wojna, Zbigniew},
	booktitle={Proceedings of the IEEE Conference on Computer Vision and Pattern Recognition},
	pages={2818--2826},
	year={2016}
}


@inproceedings{huang2017densely,
	title={Densely connected convolutional networks},
	author={Huang, Gao and Liu, Zhuang and Weinberger, Kilian Q and van der Maaten, Laurens},
	booktitle={Proceedings of the IEEE conference on computer vision and pattern recognition},
	volume={1},
	number={2},
	pages={3},
	year={2017}
}

@article{hu2017squeeze,
	title={Squeeze-and-excitation networks},
	author={Hu, Jie and Shen, Li and Sun, Gang},
	journal={arXiv preprint arXiv:1709.01507},
	year={2017}
}

@article{hochreiter1997long,
	title={Long short-term memory},
	author={Hochreiter, Sepp and Schmidhuber, J{\"u}rgen},
	journal={Neural computation},
	volume={9},
	number={8},
	pages={1735--1780},
	year={1997},
	publisher={MIT Press}
}

@article{cho2014learning,
	title={Learning phrase representations using RNN encoder-decoder for statistical machine translation},
	author={Cho, Kyunghyun and Van Merri{\"e}nboer, Bart and Gulcehre, Caglar and Bahdanau, Dzmitry and Bougares, Fethi and Schwenk, Holger and Bengio, Yoshua},
	journal={arXiv preprint arXiv:1406.1078},
	year={2014}
}

@article{chen2017reading,
	title={Reading wikipedia to answer open-domain questions},
	author={Chen, Danqi and Fisch, Adam and Weston, Jason and Bordes, Antoine},
	journal={arXiv preprint arXiv:1704.00051},
	year={2017}
}

@article{wang2016machine,
	title={Machine comprehension using match-lstm and answer pointer},
	author={Wang, Shuohang and Jiang, Jing},
	journal={arXiv preprint arXiv:1608.07905},
	year={2016}
}

@article{seo2016bidirectional,
	title={Bidirectional attention flow for machine comprehension},
	author={Seo, Minjoon and Kembhavi, Aniruddha and Farhadi, Ali and Hajishirzi, Hannaneh},
	journal={arXiv preprint arXiv:1611.01603},
	year={2016}
}

@inproceedings{wang2017gated,
	title={Gated self-matching networks for reading comprehension and question answering},
	author={Wang, Wenhui and Yang, Nan and Wei, Furu and Chang, Baobao and Zhou, Ming},
	booktitle={Proceedings of the 55th Annual Meeting of the Association for Computational Linguistics (Volume 1: Long Papers)},
	volume={1},
	pages={189--198},
	year={2017}
}

@inproceedings{pennington2014glove,
	title={Glove: Global vectors for word representation},
	author={Pennington, Jeffrey and Socher, Richard and Manning, Christopher},
	booktitle={Proceedings of the 2014 conference on empirical methods in natural language processing (EMNLP)},
	pages={1532--1543},
	year={2014}
}
