
@misc{rmse,
	author = {},
	title = {\url{https://en.wikipedia.org/wiki/Root-mean-square_deviation}}
	note = {},
	year = 
}

@misc{kaggle,
	author = {},
	title = {\url{https://www.kaggle.com/c/house-prices-advanced-regression-techniques}}
	note = {},
	year = 
}

@misc{lr,
	author = {},
	title = {\url{https://en.wikipedia.org/wiki/Linear_regression}}
	note = {},
	year = 
}

@misc{xgboost,
	author = {},
	title = {\url{https://xgboost.readthedocs.io/en/latest/}}
	note = {},
	year = 
}
